@misc{BW,
    author = {Dan Boneh and Brent Waters},
    title = {Constrained Pseudorandom Functions and Their Applications},
    howpublished = {Cryptology ePrint Archive, Report 2013/352},
    year = {2013},
    note = {\url{http://eprint.iacr.org/}},
}